@book{
  wadler-introfp,
  author = {Bird, Richard and Wadler, Philip},
  biburl = {https://www.bibsonomy.org/bibtex/28f868f10e12ea14a530499329f5ff1e5/alexv},
  citeulike-article-id = {14034361},
  citeulike-attachment-1 = {Bird_Wadler_Introduction_to_Functional_Programming1ed.pdf; /pdf/user/alexv/article/14034361/1068794/Bird_Wadler_Introduction_to_Functional_Programming1ed.pdf; 0e19b6c7fb5ac38f9c5cd5316f07d3b5c2d84a62},
  citeulike-linkout-0 = {http://usi-pl.github.io/lc/sp-2015/doc/Bird\_Wadler.\%20Introduction\%20to\%20Functional\%20Programming.1ed.pdf},
  editor = {Hoare, C. A. R.},
  file = {Bird_Wadler_Introduction_to_Functional_Programming1ed.pdf},
  interhash = {de248d601efb5340d33baf77c7899163},
  intrahash = {8f868f10e12ea14a530499329f5ff1e5},
  keywords = {functional-programming haskell},
  posted-at = {2016-05-13 03:13:03},
  priority = {2},
  timestamp = {2019-08-24T00:09:40.000+0200},
  title = {{Introduction to Functional Programming}},
  url = {http://usi-pl.github.io/lc/sp-2015/doc/Bird\_Wadler.\%20Introduction\%20to\%20Functional\%20Programming.1ed.pdf},
  year = 1988
}



